%% This BibTeX bibliography file was created using BibDesk.
%% http://bibdesk.sourceforge.net/


%% Created for Timon HÃ¶bert at 2013-09-17 18:57:14 +0200 


%% Saved with string encoding Unicode (UTF-8) 


@online{myRepo,
	ALTauthor = {Java Dev},
	ALTeditor = {editor},
	date = {\today},
	url = {https://github.com/pkogler-tgm/Praktische-Uebung-MOM},
	howpublished = "\url{https://github.com/pkogler-tgm/Praktische-Uebung-MOM}",
}

@online{qfs,
	ALTauthor = {Java Dev},
	ALTeditor = {editor},
	date = {\today},
	url = {https://www.qfs.de/en.html},
	howpublished = "\url{https://www.qfs.de/en.html}",
}


@online{qfs1,
	ALTauthor = {Java Dev},
	ALTeditor = {editor},
	date = {\today},
	url = {https://www.youtube.com/watch?v=8LkLKUroMW4},
	howpublished = "\url{https://www.youtube.com/watch?v=8LkLKUroMW4}",
}


@online{qfs2,
	ALTauthor = {Java Dev},
	ALTeditor = {editor},
	date = {\today},
	url = {https://wiki.jenkins-ci.org/display/JENKINS/QF-Test+Plugin},
	howpublished = "\url{https://wiki.jenkins-ci.org/display/JENKINS/QF-Test+Plugin}",
}

@online{py,
	ALTauthor = {Java Dev},
	ALTeditor = {editor},
	date = {\today},
	url = {https://www.blazemeter.com/blog/how-automate-testing-using-selenium-webdriver-jenkins-and-allure},
	howpublished = "\url{https://www.blazemeter.com/blog/how-automate-testing-using-selenium-webdriver-jenkins-and-allure}",
}